@article{microserviceDB,
  title={Pattern: Database per service},
  author={Chris Richardson},
  url={https://microservices.io/patterns/data/database-per-service.html},
  year={2018},
  publisher={microservices.io}
}

@article{microserviceSharedDB,
  title={Pattern: Shared database},
  author={Chris Richardson},
  howpublished={\url{https://microservices.io/patterns/data/shared-database.html}},
  year={2018},
  publisher={microservices.io}
}

@misc{microserviceEventBased,
  title={Implementing event-based communication between microservices (integration events)},
  author={nishanil, sughosneo, DCtheGeek, zakaria-c, Youssef1313, gewarren, mvelosop, john-par, mairaw},
  howpublished={\url{https://docs.microsoft.com/en-us/dotnet/architecture/microservices/multi-container-microservice-net-applications/integration-event-based-microservice-communications}},
  year={2021},
  publisher={microsoft}
}

@article{microserviceEventBased2,
  title={How to connect microservices: Part 1 Types of communication},
  author={Piotr Martyniuk},
  url={https://www.cncf.io/blog/2021/01/22/how-to-connect-microservices-part-1-types-of-communication/},
  year={2021},
  publisher={Cloud Native Computing Foundation}
}

@misc{microserviceEventBased3,
  title={Asynchronous message-based communication},
  author={nishanil, sughosneo, DCtheGeek, zakaria-c, Youssef1313, gewarren, mvelosop, john-par, mairaw},
  howpublished={\url{https://docs.microsoft.com/en-us/dotnet/architecture/microservices/architect-microservice-container-applications/asynchronous-message-based-communications}},
  year={2021},
  publisher={microsoft}
}


@misc{microserviceEventBased4,
  title={Three Popular Methods to Communicate Between Microservices},
  author={arpit jain},
  howpublished={\url{https://medium.com/the-sixt-india-blog/microservice-communication-53cbc93cf4de}},
  year={2020},
  publisher={medium}
}

@article{io,
  title={What are microservices?},
  author={Chris Richardson},
  howpublished={\url{https://microservices.io}},
  year={2018},
  publisher={microservices.io}
}

@article{mic,
  title={Microservices: Mehr als nur ein Hype?},
  author={Alexander Schwartz},
  howpublished={\url{https://link-springer-com.uaccess.univie.ac.at/article/10.1007/s00287-017-1078-6#citeas}},
  year={2017}
}

@book{book,
  title={.NET Microservices: Architecture for Containerized .NET Applications},
  author={Cesar de la Torre, Bill Wagner, Mike Rousos},
  isbn={98052-6399},
  year={1995},
  publisher={Microsoft Developer Division, .NET and Visual Studio product teams}
}

@article{uni,
  title={Supporting Architectural Decision Making on Data Management in Microservice Architectures},
  author={Evangelos Ntentos, Uwe Zdun, Konstantinos Plakidas, Daniel Schall, Fei Li,Sebastian Meixner},
  year={2017}
}

@article{intro,
  title={Microservices: Architecting for Continuous Delivery and DevOps},
  author={Lianping Chen},
  howpublished={\url{https://www.researchgate.net/publication/323944215_Microservices_Architecting_for_Continuous_Delivery_and_DevOps}},
  year={2018}
}

@article{amazon,
  title={What are Microservices?},
  author={Amazon teams},
  howpublished={\url{https://aws.amazon.com/microservices/}}
}


@misc{wiki,
  title={Microservices},
  howpublished={\url{https://en.wikipedia.org/wiki/Microservices}},
  year={2021},
  publisher={wikipedia}
}

@article{cio,
  title={7 reasons to switch to microservices â€” and 5 reasons you might not succeed},
  author={Adam Bertram},
  howpublished={\url{https://www.cio.com/article/3201193/7-reasons-to-switch-to-microservices-and-5-reasons-you-might-not-succeed.html#:~:text=With%20microservices%2C%20multiple%20teams%20work,to%20operate%20on%20expensive%20machines}},
  year={2017}
}

@article{amazon1,
  title={What Led Amazon to its Own Microservices Architecture},
  author={Scott M. Fulton III},
  howpublished={\url{https://thenewstack.io/led-amazon-microservices-architecture}},
  year={2015}
}

@article{amazon2,
  title={10 companies that implemented the microservice architecture and paved the way for others},
  author={Aleksandra Kwiecien},
  howpublished={\url{https://divante.com/blog/10-companies-that-implemented-the-microservice-architecture-and-paved-the-way-for-others/}},
  year={2019}
}

@article{amazon3,
  title={Why Netflix, Amazon, and Apple Care About Microservices},
  author={ Laura Mauersberger},
  howpublished={\url{https://www.leanix.net/en/blog/why-netflix-amazon-and-apple-care-about-microservices}},
  year={2017}
}

@article{mono,
  title={Guide to Implementing Microservices Architecture On AWSs},
  author={Ihor Feoktistov},
  howpublished={\url{https://relevant.software/blog/microservices-on-aws/}},
  year={2021}
}

@article{intro2,
  title={Microservices},
  author={James Lewis},
  howpublished={\url{https://martinfowler.com/articles/microservices.html}},
  year={2014}
}